<?xml version="1.0" encoding="UTF-8"?><collection xmlns="http://www.loc.gov/MARC21/slim"><record><leader>00592nam--2200193-i-4500</leader><controlfield tag="001">000025275</controlfield><controlfield tag="002">20161230</controlfield><controlfield tag="005">20161230201035</controlfield><controlfield tag="008">060222s1000------------r-----000-0-rum-d</controlfield><datafield ind1=" " ind2=" " tag="040"><subfield code="a">IFIN-HH</subfield></datafield><datafield ind1=" " ind2=" " tag="041"><subfield code="a">rum</subfield></datafield><datafield ind1=" " ind2=" " tag="080"><subfield code="a">539.171</subfield></datafield><datafield ind1="1" ind2=" " tag="100"><subfield code="a">Iliescu, Emil</subfield></datafield><datafield ind1="1" ind2="0" tag="245"><subfield code="a">Fenomene de polarizare in imprastierea elastica a protonilor pe niclee de spin zero si in reactia 7li(p, alpha)4he</subfield><subfield code="b">Teza</subfield><subfield code="c">Emil iliescu</subfield></datafield><datafield ind1=" " ind2=" " tag="260"><subfield code="a">Bucuresti</subfield><subfield code="b">Ifa</subfield><subfield code="c">1967</subfield></datafield><datafield ind1=" " ind2=" " tag="300"><subfield code="a">80P</subfield></datafield><datafield ind1=" " ind2=" " tag="502"><subfield code="a">Conducator Stiintific: Prof.Dr.Docent I. Agirbiceanu</subfield></datafield><datafield ind1=" " ind2=" " tag="852"><subfield code="a">27489</subfield><subfield code="c">539.17</subfield></datafield><datafield ind1=" " ind2=" " tag="CAT"><subfield code="a">Sys</subfield><subfield code="c">20120601</subfield><subfield code="h">105239</subfield></datafield></record></collection>